@Article{Pan,
	author =       "Tony Pan",
	title =        "{Why dumbasses are stupid}. ({Martian})
	[{On} lol]",
	journal =      "playboy",
	volume =       "420",
	number =       "49",
	pages =        "101-101",
	year =         "3000",
	DOI =          "http://localhost"
} 
